% This file was created with JabRef 2.10.
% Encoding: Cp1252


@Article{Blochl1994,
  Title                    = {Projector augmented-wave method},
  Author                   = {Bl\"ochl, P. E.},
  Journal                  = {Phys. Rev. B},
  Year                     = {1994},

  Month                    = {Dec},
  Pages                    = {17953--17979},
  Volume                   = {50},

  Issue                    = {24},
  Publisher                = {American Physical Society}
}

@Article{Dudarev1998,
  Title                    = {Electron-energy-loss spectra and the structural stability of nickel oxide: An LSDA+U study},
  Author                   = {Dudarev, S. L. and Botton, G. A. and Savrasov, S. Y. and Humphreys, C. J. and Sutton, A. P.},
  Journal                  = {Phys. Rev. B},
  Year                     = {1998},

  Month                    = {Jan},
  Pages                    = {1505--1509},
  Volume                   = {57},

  Issue                    = {3},
  Publisher                = {American Physical Society}
}

@Article{Henkelman2006,
  Title                    = {A fast and robust algorithm for Bader decomposition of charge density},
  Author                   = {Henkelman, G.a and Arnaldsson, A.b and Jonsson, H.b c},
  Journal                  = {Computational Materials Science},
  Year                     = {2006},
  Note                     = {cited By (since 1996) 559},
  Number                   = {3},
  Pages                    = {354-360},
  Volume                   = {36}
}

@Article{Kresse1996,
  Title                    = {Efficiency of ab-initio total energy calculations for metals and semiconductors using a plane-wave basis set},
  Author                   = {G. Kresse and J. Furthm√ºller},
  Journal                  = {Computational Materials Science},
  Year                     = {1996},
  Number                   = {1},
  Pages                    = {15 - 50},
  Volume                   = {6}
}

@Article{Kresse1993,
  Title                    = {\textit{Ab initio} molecular dynamics for liquid metals},
  Author                   = {Kresse, G. and Hafner, J.},
  Journal                  = {Phys. Rev. B},
  Year                     = {1993},

  Month                    = {Jan},
  Pages                    = {558--561},
  Volume                   = {47},

  Issue                    = {1},
  Publisher                = {American Physical Society}
}

